% -------------------------------------------- papers -------------------------------------------- %
% -------------------------------------------- books --------------------------------------------- %
@book{convex-optimization,
  author    = {S. Boyd, L. Vandenberghe},
  title     = {Convex Optimization},
  publisher = {Cambridge University Press},
  year      = {2013},
}

@book{approximation-algorithms-and-semidefinite-programming,
  author    = {B. G\"{a}rtner, J. Matoušek},
  title     = {Approximation Algorithms and Semidefinite Programming},
  publisher = {Springer},
  year      = {2012},
}

@book{approximation-algorithms,
  author    = {V. V. Vazirani},
  title     = {Approximation Algorithms},
  publisher = {Springer},
  year      = {2001},
}

@book{aspects-of-semidefinite-programming,
  author    = {E. de Klerk},
  title     = {Aspects of Semidefinite Programming},
  publisher = {Kluwer Academic Publishers},
  year      = {2004},
}

@book{lectures-on-discrete-geometry,
  author    = {J. Matoušek},
  title     = {Lectures on Discrete Geometry},
  publisher = {Springer},
  year      = {2002},
}

@book{semidefinite-optimization-and-convex-algebraic-geometry,
  author    = {G. Blekherman, P. A. Parrilo, R. R. Thomas},
  title     = {Semidefinite Optimization and Convex Algebraic Geometry},
  publisher = {Siam},
  year      = {2013},
}

@book{understanding-and-using-linear-programming,
  author    = {B. G\"{a}rtner, J. Matoušek},
  title     = {Understanding and Using Linear Programming},
  publisher = {Springer},
  year      = {2007},
}

@book{linear-algebra-and-learning-from-data,
  author    = {G. Strang},
  title     = {Linear Algebra and Learning from Data},
  publisher = {Wellesley Cambridge Press},
  year      = {2019},
}





